<?xml version="1.0" encoding="UTF-8"?><collection xmlns="http://www.loc.gov/MARC21/slim"><record><leader>00469nam--2200145-i-4500</leader><controlfield tag="001">000002080</controlfield><controlfield tag="002">20161230</controlfield><controlfield tag="005">20161230201024</controlfield><controlfield tag="008">060222s1000------------r-----000-0-eng-d</controlfield><datafield ind1=" " ind2=" " tag="080"><subfield code="a">621.9</subfield></datafield><datafield ind1=" " ind2=" " tag="100"><subfield code="a">Frenzel,Walter</subfield></datafield><datafield ind1=" " ind2=" " tag="245"><subfield code="a">Untersuchungen an garn-verarbeitenden maschinen</subfield></datafield><datafield ind1=" " ind2=" " tag="260"><subfield code="a">Berlin, Akademie-verlag, 1954. 14 P</subfield></datafield><datafield ind1=" " ind2=" " tag="490"><subfield code="a">Abhandlungen Der Sachsischen Akademie Der Wissenschaften Zu Leipzig.Mathematische- Naturwissenscaftlichte Klasse</subfield></datafield><datafield ind1=" " ind2=" " tag="852"><subfield code="a">26114</subfield></datafield></record></collection>